@article{AndRae06,
  author =        {Andreev, Konstantin and R{\"a}cke, Harald},
  journal =       {Theory of Computing Systems},
  number =        {6},
  pages =         {929--939},
  title =         {Balanced Graph Partitioning},
  volume =        {39},
  year =          {2006},
}

@article{GaJoSt76,
  author =        {M. R. Garey and David S. Johnson and
                   Larry J. Stockmeyer},
  journal =       tcs,
  number =        {3},
  pages =         {237--267},
  title =         {{Some Simplified NP-Complete Graph Problems}},
  volume =        {1},
  year =          {1976},
}

@article{SarVaz95,
  author =        {Huzur Saran and Vijay Vazirani},
  journal =       {SIAM Journal on Computing},
  number =        {1},
  pages =         {101--108},
  title =         {Finding k Cuts within Twice the Optimal},
  volume =        {24},
  year =          {1995},
}

@article{ArKaKa99,
  author =        {Sanjeev Arora and David R. Karger and
                   Marek Karpinski},
  journal =       {Journal of Computer and System Sciences},
  number =        {1},
  pages =         {193--210},
  title =         {Polynomial Time Approximation Schemes for Dense
                   Instances of {NP}-Hard Problems},
  volume =        {58},
  year =          {1999},
}

@inproceedings{FeKrNi00,
  author =        {Uriel Feige and Robert Krauthgamer and Kobbi Nissim},
  booktitle =     {Proc. 32nd ACM Symposium on Theory of Computing (STOC)},
  pages =         {530--536},
  title =         {Approximating the minimum bisection size (extended
                   abstract)},
  year =          {2000},
}

@article{FeiKra02,
  author =        {Feige, Uriel and Krauthgamer, Robert},
  journal =       {SIAM Journal on Computing},
  number =        {4},
  pages =         {1090--1118},
  title =         {A polylogarithmic approximation of the minimum
                   bisection},
  volume =        {31},
  year =          {2002},
}

@article{KraFei06,
  author =        {Robert Krauthgamer and Uriel Feige},
  journal =       {SIAM Review},
  number =        {1},
  pages =         {99-130},
  title =         {A Polylogarithmic Approximation of the Minimum
                   Bisection},
  volume =        {48},
  year =          {2006},
}

@inproceedings{Raec08,
  author =        {Harald R{\"{a}}cke},
  booktitle =     {Proc. 40th ACM Symposium on Theory of Computing (STOC)},
  pages =         {255--264},
  title =         {Optimal hierarchica decompositions for congestion
                   minimization in networks},
  year =          {2008},
}

@inproceedings{LeMaTr90,
  author =        {Tom Leighton and Filia Makedon and S. G. Tragoudas},
  booktitle =     {Proc. IEEE International Symposium on Circuits and Systems (ISCAS)},
  pages =         {2865-2868},
  title =         {{Approximation algorithms for VLSI partition problems}},
  volume =        {4},
  year =          {1990},
}

@article{SimTen97,
  author =        {Horst Simon and Shang{-}Hua Teng},
  journal =       {SIAM Journal on Computing},
  number =        {5},
  pages =         {1436--1445},
  title =         {How Good is Recursive Bisection?},
  volume =        {18},
  year =          {1997},
}

@article{EvNaRS00,
  author =        {Guy Even and Joseph Naor and Satish Rao and
                   Baruch Schieber},
  journal =       {Journal of the ACM},
  number =        {4},
  pages =         {585--616},
  title =         {Divide-and-conquer approximation algorithms via
                   spreading metrics},
  volume =        {47},
  year =          {2000},
}

@article{EvNaRS99,
  author =        {Guy Even and Joseph Naor and Satish Rao and
                   Baruch Schieber},
  journal =       {SIAM Journal on Computing},
  number =        {6},
  pages =         {2187--2214},
  title =         {Fast Approximate Graph Partitioning Algorithms},
  volume =        {28},
  year =          {1999},
}

@inproceedings{KrNaSc09,
  author =        {Robert Krauthgamer and Joseph Naor and Roy Schwartz},
  booktitle =     {Proc. 20th ACM-SIAM Symposium on Discrete Algorithms
                   (SODA)},
  pages =         {942--949},
  title =         {Partitioning graphs into balanced components},
  year =          {2009},
}

@article{ArRaVa09,
  author =        {Arora, Sanjeev and Rao, Satish and Vazirani, Umesh},
  journal =       {Journal of the ACM},
  number =        {2},
  pages =         {5},
  title =         {Expander flows, geometric embeddings and graph
                   partitioning},
  volume =        {56},
  year =          {2009},
}

@article{FelFos15,
  author =        {Andreas Emil Feldmann and Luca Foschini},
  journal =       {Algorithmica},
  number =        {2},
  pages =         {354--376},
  title =         {Balanced Partitions of Trees and Applications},
  volume =        {71},
  year =          {2015},
}

@article{FKLMSY91,
  author =        {Amos Fiat and Richard M.~Karp and Michael Luby and
                   Lyle A.~McGeoch and Daniel D.~Sleator and
                   Neal E.~Young},
  journal =       {Journal of Algorithms},
  number =        {4},
  pages =         {685--699},
  title =         {Competitive paging algorithms},
  volume =        {12},
  year =          {1991},
}

@article{McGSle91,
  author =        {Lyle McGeoch and Daniel Sleator},
  journal =       {Algorithmica},
  number =        {6},
  pages =         {816--825},
  title =         {A Strongly Competitive Randomized Paging Algorithm},
  volume =        {6},
  year =          {1991},
}

@article{AcChNo00,
  author =        {Dimitris Achlioptas and Marek Chrobak and John Noga},
  journal =       {Theoretical Computer Science},
  number =        {1--2},
  pages =         {203--218},
  title =         {Competitive analysis of randomized paging algorithms},
  volume =        {234},
  year =          {2000},
}

@inproceedings{EpImLN11,
  author =        {Epstein, Leah and Imreh, Csan\'{a}d and Levin, Asaf and
                   Nagy-Gy\"{o}rgy, Judit},
  booktitle =     {Proc. 38th Int. Colloq. on Automata, Languages and
                   Programming (ICALP)},
  pages =         {195--206},
  title =         {On Variants of File Caching},
  year =          {2011},
}

@article{EpImLN15,
  author =        {Leah Epstein and Csan{\'{a}}d Imreh and Asaf Levin and
                   Judit Nagy{-}Gy{\"{o}}rgy},
  journal =       {Algorithmica},
  number =        {2},
  pages =         {279--306},
  title =         {Online File Caching with Rejection Penalties},
  volume =        {71},
  year =          {2015},
}

@article{Irani02,
  author =        {Sandy Irani},
  journal =       {Algorithmica},
  number =        {3},
  pages =         {384--409},
  title =         {Page Replacement with Multi-Size Pages and
                   Applications to Web Caching},
  volume =        {33},
  year =          {2002},
}

@article{KaMaMO94,
  author =        {Anna R. Karlin and Mark S. Manasse and
                   Lyle A. McGeoch and Susan Owicki},
  journal =       {Algorithmica},
  number =        {6},
  pages =         {542--571},
  title =         {Competitive Randomized Algorithms for Non-Uniform
                   Problems},
  volume =        {11},
  year =          {1994},
}
@article{SleTar85,
  author =        {Daniel~Sleator and Robert~Tarjan},
  journal =       {Communications of the ACM},
  number =        {2},
  pages =         {202--208},
  title =         {Amortized efficiency of list update and paging rules},
  volume =        {28},
  year =          {1985},
}
@article{MogPop12,
  author =        {Mogul, Jeffrey C and Popa, Lucian},
  journal =       {ACM SIGCOMM Computer Communication Review},
  number =        {5},
  pages =         {44--48},
  title =         {What we talk about when we talk about cloud network
                   performance},
  volume =        {42},
  year =          {2012},
}
@article{orchestra,
 author = {M. Chowdhury and M. Zaharia and J. Ma and M. I. Jordan and I. Stoica},
 title = {{Managing Data Transfers in Computer Clusters with Orchestra}},
 journal= {ACM SIGCOMM},
 year = {2011},
 volume = {41},
 number = {4},
 pages = {98--109}
}
@book{borodin-book,
	author = "Allan Borodin and Ran {El-Yaniv}",
	title = "Online Computation and Competitive Analysis",
	publisher = "Cambridge University Press",
	year = 1998,
}

@article{repartition-disc,
 author = {Chen Avin and Andreas Loukas and Maciej Pacut and Stefan Schmid},
 title = {{Online Balanced Repartitioning}},
 journal= {DISC},
 year = {2016},
 pages = {243--256}
}